@article{wilk1968probability,
  title={Probability plotting methods for the analysis for the analysis of data},
  author={Wilk, Martin B and Gnanadesikan, Ram},
  journal={Biometrika},
  volume={55},
  number={1},
  pages={1--17},
  year={1968},
  publisher={Oxford University Press}
}
@article{kim1977treatment,
  title={The treatment of missing data in multivariate analysis},
  author={Kim, Jae-On and Curry, James},
  journal={Sociological Methods \& Research},
  volume={6},
  number={2},
  pages={215--240},
  year={1977},
  publisher={Sage Publications Sage CA: Thousand Oaks, CA}
}
@article{pigott2001review,
  title={A review of methods for missing data},
  author={Pigott, Therese D},
  journal={Educational research and evaluation},
  volume={7},
  number={4},
  pages={353--383},
  year={2001},
  publisher={Taylor \& Francis}
}
@Manual{dplyr,
  title = {dplyr: A Grammar of Data Manipulation},
  author = {Hadley Wickham and Romain François and Lionel Henry and Kirill Müller},
  year = {2018},
  note = {R package version 0.7.8},
  url = {https://CRAN.R-project.org/package=dplyr},
}
@book{little2014statistical,
  title={Statistical analysis with missing data},
  author={Little, Roderick JA and Rubin, Donald B},
  volume={333},
  year={2014},
  publisher={John Wiley \& Sons}
}
@article{donoho2000high,
  title={High-dimensional data analysis: The curses and blessings of dimensionality},
  author={Donoho, David L and others},
  journal={AMS math challenges lecture},
  volume={1},
  number={2000},
  pages={32},
  year={2000},
  publisher={Citeseer}
}
@article{farrar1967multicollinearity,
  title={Multicollinearity in regression analysis: the problem revisited},
  author={Farrar, Donald E and Glauber, Robert R},
  journal={The Review of Economic and Statistics},
  pages={92--107},
  year={1967},
  publisher={JSTOR}
}
@book{bar1997dynamics,
  title={Dynamics of complex systems},
  author={Bar-Yam, Yaneer},
  volume={213},
  year={1997},
  publisher={Addison-Wesley Reading, MA}
}
@book{jung2014structure,
  title={The structure and dynamics of the psyche},
  author={Jung, Carl Gustav},
  year={2014},
  publisher={Routledge}
}
@article{kozuharov2011mezzo,
  title={Mezzo economics analitycal approach as the propulsive part of managerial economics in tourism},
  author={Kozuharov, Saso},
  journal={UTMS Journal of Economics},
  volume={2},
  number={2},
  pages={213--219},
  year={2011},
  publisher={Skopje: University of Tourism and Management}
}
@book{mitleton2003complex,
  title={Complex systems and evolutionary perspectives on organisations: the application of complexity theory to organisations},
  author={Mitleton-Kelly, Eve},
  year={2003},
  publisher={Elsevier Science Ltd}
}
@article{thrift1999place,
  title={The place of complexity},
  author={Thrift, Nigel},
  journal={Theory, Culture \& Society},
  volume={16},
  number={3},
  pages={31--69},
  year={1999},
  publisher={Sage Publications}
}
@article{urry2005complexity,
  title={The complexity turn},
  author={Urry, John},
  journal={Theory, culture \& society},
  volume={22},
  number={5},
  pages={1--14},
  year={2005},
  publisher={Sage Publications Sage UK: London, England}
}
@article{rittel1974wicked,
  title={Wicked problems},
  author={Rittel, Horst WJ and Webber, Melvin M},
  journal={Man-made Futures},
  volume={26},
  number={1},
  pages={272--280},
  year={1974}
}
@article{buchanan1992wicked,
  title={Wicked problems in design thinking},
  author={Buchanan, Richard},
  journal={Design issues},
  volume={8},
  number={2},
  pages={5--21},
  year={1992},
  publisher={JSTOR}
}
@article{teece2016dynamic,
  title={Dynamic capabilities and organizational agility: Risk, uncertainty, and strategy in the innovation economy},
  author={Teece, David and Peteraf, Margaret and Leih, Sohvi},
  journal={California Management Review},
  volume={58},
  number={4},
  pages={13--35},
  year={2016},
  publisher={SAGE Publications Sage CA: Los Angeles, CA}
}
@misc{first,
  title = {Q. Who first originated the term VUCA ({V}olatility, {U}ncertainty, {C}omplexity and {A}mbiguity)?},
  howpublished = {\url{http://usawc.libanswers.com/faq/84869}},
  note = {Accessed: 2018-05-21}
}
@article{bennett2014difference,
  title={What a difference a word makes: Understanding threats to performance in a VUCA world},
  author={Bennett, Nathan and Lemoine, G James},
  journal={Business Horizons},
  volume={57},
  number={3},
  pages={311--317},
  year={2014},
  publisher={Elsevier}
}
@article{van2005case,
  title={Case handling: a new paradigm for business process support},
  author={Van der Aalst, Wil MP and Weske, Mathias and Gr{\"u}nbauer, Dolf},
  journal={Data \& Knowledge Engineering},
  volume={53},
  number={2},
  pages={129--162},
  year={2005},
  publisher={Elsevier}
}
@article{macal2010tutorial,
  title={Tutorial on agent-based modelling and simulation},
  author={Macal, Charles M and North, Michael J},
  journal={Journal of simulation},
  volume={4},
  number={3},
  pages={151--162},
  year={2010},
  publisher={Taylor \& Francis}
}
@article{elster1989social,
  title={Social norms and economic theory},
  author={Elster, Jon},
  journal={Journal of economic perspectives},
  volume={3},
  number={4},
  pages={99--117},
  year={1989}
}
@article{farmer2009economy,
  title={The economy needs agent-based modelling},
  author={Farmer, J Doyne and Foley, Duncan},
  journal={Nature},
  volume={460},
  number={7256},
  pages={685},
  year={2009},
  publisher={Nature Publishing Group}
}
@article{tesfatsion2003agent,
  title={Agent-based computational economics: modeling economies as complex adaptive systems},
  author={Tesfatsion, Leigh},
  journal={Information Sciences},
  volume={149},
  number={4},
  pages={262--268},
  year={2003},
  publisher={Elsevier}
}
@article{young2006diffusion,
  title={The diffusion of innovations in social networks},
  author={Young, H Peyton},
  journal={The economy as an evolving complex system III: Current perspectives and future directions},
  volume={267},
  pages={39},
  year={2006}
}
@article{levinthal1991organizational,
  title={Organizational adaptation and environmental selection-interrelated processes of change},
  author={Levinthal, Daniel A},
  journal={Organization science},
  volume={2},
  number={1},
  pages={140--145},
  year={1991},
  publisher={INFORMS}
}
@book{hogarth1987rational,
  title={Rational choice: The contrast between economics and psychology.},
  author={Hogarth, Robin M and Reder, Melvin W},
  year={1987},
  publisher={University of Chicago Press}
}
@article{wood2001mgcv,
  title={mgcv: GAMs and generalized ridge regression for R},
  author={Wood, Simon N},
  journal={R news},
  volume={1},
  number={2},
  pages={20--25},
  year={2001}
}
@article{wernerfelt1984resource,
  title={A resource-based view of the firm},
  author={Wernerfelt, Birger},
  journal={Strategic management journal},
  volume={5},
  number={2},
  pages={171--180},
  year={1984},
  publisher={Wiley Online Library}
}
@article{hambrick1984upper,
  title={Upper echelons: The organization as a reflection of its top managers},
  author={Hambrick, Donald C and Mason, Phyllis A},
  journal={Academy of management review},
  volume={9},
  number={2},
  pages={193--206},
  year={1984},
  publisher={Academy of Management Briarcliff Manor, NY 10510}
}
@inproceedings{burmistrov2015flat,
  title={Flat design vs traditional design: Comparative experimental study},
  author={Burmistrov, Ivan and Zlokazova, Tatiana and Izmalkova, Anna and Leonova, Anna},
  booktitle={Human-Computer Interaction},
  pages={106--114},
  year={2015},
  organization={Springer}
}
@article{mansfield1963speed,
  title={The speed of response of firms to new techniques},
  author={Mansfield, Edwin},
  journal={The Quarterly Journal of Economics},
  volume={77},
  number={2},
  pages={290--311},
  year={1963},
  publisher={MIT Press}
}
@article{peltoniemi2006preliminary,
  title={Preliminary theoretical framework for the study of business ecosystems},
  author={Peltoniemi, Mirva},
  journal={EMERGENCE-MAHWAH-LAWRENCE ERLBAUM-},
  volume={8},
  number={1},
  pages={10},
  year={2006},
  publisher={LAWRENCE ERLBAUM}
}

@article{drucker1999knowledge,
  title={Knowledge-worker productivity: The biggest challenge},
  author={Drucker, Peter F},
  journal={California management review},
  volume={41},
  number={2},
  pages={79--94},
  year={1999},
  publisher={SAGE Publications Sage CA: Los Angeles, CA}
}
@book{beinhocker2006origin,
  title={The origin of wealth: Evolution, complexity, and the radical remaking of economics},
  author={Beinhocker, Eric D},
  year={2006},
  publisher={Harvard Business Press}
}
@article{holland1992complex,
  title={Complex adaptive systems},
  author={Holland, John H},
  journal={Daedalus},
  pages={17--30},
  year={1992},
  publisher={JSTOR}
}
@book{moore2009,
  title={Introduction to the Practice of Statistics},
  author={Moore, David S and McCabe, George P and Craig, Bruce A},
  year={2009},
  publisher={WH Freeman New York}
}
@book{nicolis1995introduction,
  title={Introduction to nonlinear science},
  author={Nicolis, Gr{\'e}goire},
  year={1995},
  publisher={Cambridge University Press}
}
@book{smuts1926holism,
  title={Holism and evolution},
  author={Smuts, Jan Christiaan},
  year={1926},
  publisher={Ripol Classic}
}
@book{auyang1999foundations,
  title={Foundations of complex-system theories: in economics, evolutionary biology, and statistical physics},
  author={Auyang, Sunny Y},
  year={1999},
  publisher={Cambridge University Press}
}
@article{innes1999consensus,
  title={Consensus building and complex adaptive systems: A framework for evaluating collaborative planning},
  author={Innes, Judith E and Booher, David E},
  journal={Journal of the American planning association},
  volume={65},
  number={4},
  pages={412--423},
  year={1999},
  publisher={Taylor \& Francis}
}
@article{dooley1997complex,
  title={A complex adaptive systems model of organization change},
  author={Dooley, Kevin J},
  journal={Nonlinear dynamics, psychology, and life sciences},
  volume={1},
  number={1},
  pages={69--97},
  year={1997},
  publisher={Springer}
}
@article{leifer1989understanding,
  title={Understanding organizational transformation using a dissipative structure model},
  author={Leifer, Richard},
  journal={Human relations},
  volume={42},
  number={10},
  pages={899--916},
  year={1989},
  publisher={Sage Publications Sage CA: Thousand Oaks, CA}
}
@book{taylor1911shop,
  title={Shop management},
  author={Taylor, Frederick Winslow},
  year={1911},
  publisher={McGraw-Hill}
}
@article{arrow1954existence,
  title={Existence of an equilibrium for a competitive economy},
  author={Arrow, Kenneth J and Debreu, Gerard},
  journal={Econometrica: Journal of the Econometric Society},
  pages={265--290},
  year={1954},
  publisher={JSTOR}
}
